@Article{Maldacena:1997re,
     author    = "Maldacena, Juan M.",
     title     = "{The large N limit of superconformal field theories and
                  supergravity}",
     journal   = "Adv. Theor. Math. Phys.",
     volume    = "2",
     year      = "1998",
     pages     = "231-252",
     eprint    = "hep-th/9711200",
     archivePrefix = "arXiv",
     SLACcitation  = "%%CITATION = HEP-TH 9711200;%%"
}

@Article{Gubser:1998bc,
     author    = "Gubser, S. S. and Klebanov, Igor R. and Polyakov, Alexander
                  M.",
     title     = "{Gauge theory correlators from non-critical string
                  theory}",
     journal   = "Phys. Lett.",
     volume    = "B428",
     year      = "1998",
     pages     = "105-114",
     eprint    = "hep-th/9802109",
     archivePrefix = "arXiv",
     doi       = "10.1016/S0370-2693(98)00377-3",
     SLACcitation  = "%%CITATION = HEP-TH/9802109;%%"
}

@Article{Witten:1998qj,
     author    = "Witten, Edward",
     title     = "{Anti-de Sitter space and holography}",
     journal   = "Adv. Theor. Math. Phys.",
     volume    = "2",
     year      = "1998",
     pages     = "253-291",
     eprint    = "hep-th/9802150",
     archivePrefix = "arXiv",
     SLACcitation  = "%%CITATION = HEP-TH 9802150;%%"
}

@Article{Aharony:1999ti,
     author    = "Aharony, Ofer and Gubser, Steven S. and Maldacena, Juan
                  Martin and Ooguri, Hirosi and Oz, Yaron",
     title     = "{Large N field theories, string theory and gravity}",
     journal   = "Phys. Rept.",
     volume    = "323",
     year      = "2000",
     pages     = "183-386",
     eprint    = "hep-th/9905111",
     archivePrefix = "arXiv",
     doi       = "10.1016/S0370-1573(99)00083-6",
     SLACcitation  = "%%CITATION = HEP-TH/9905111;%%"
}

@Article{Giddings:1999qu,
     author    = "Giddings, Steven B.",
     title     = "{The boundary S-matrix and the AdS to CFT dictionary}",
     journal   = "Phys. Rev. Lett.",
     volume    = "83",
     year      = "1999",
     pages     = "2707-2710",
     eprint    = "hep-th/9903048",
     archivePrefix = "arXiv",
     doi       = "10.1103/PhysRevLett.83.2707",
     SLACcitation  = "%%CITATION = HEP-TH/9903048;%%"
}

@Article{Balasubramanian:1998sn,
     author    = "Balasubramanian, Vijay and Kraus, Per and Lawrence, Albion
                  E.",
     title     = "{Bulk vs. boundary dynamics in anti-de Sitter spacetime}",
     journal   = "Phys. Rev.",
     volume    = "D59",
     year      = "1999",
     pages     = "046003",
     eprint    = "hep-th/9805171",
     archivePrefix = "arXiv",
     doi       = "10.1103/PhysRevD.59.046003",
     SLACcitation  = "%%CITATION = HEP-TH/9805171;%%"
}

@Article{Balasubramanian:1998de,
     author    = "Balasubramanian, Vijay and Kraus, Per and Lawrence, Albion
                  E. and Trivedi, Sandip P.",
     title     = "{Holographic probes of anti-de Sitter space-times}",
     journal   = "Phys. Rev.",
     volume    = "D59",
     year      = "1999",
     pages     = "104021",
     eprint    = "hep-th/9808017",
     archivePrefix = "arXiv",
     doi       = "10.1103/PhysRevD.59.104021",
     SLACcitation  = "%%CITATION = HEP-TH/9808017;%%"
}

@Article{Balasubramanian:1999ri,
     author    = "Balasubramanian, Vijay and Giddings, Steven B. and
                  Lawrence, Albion E.",
     title     = "{What do CFTs tell us about anti-de Sitter spacetimes?}",
     journal   = "JHEP",
     volume    = "03",
     year      = "1999",
     pages     = "001",
     eprint    = "hep-th/9902052",
     archivePrefix = "arXiv",
     SLACcitation  = "%%CITATION = HEP-TH 9902052;%%"
}

@Article{Marolf:2004fy,
     author    = "Marolf, Donald",
     title     = "{States and boundary terms: Subtleties of Lorentzian
                  AdS/CFT}",
     journal   = "JHEP",
     volume    = "05",
     year      = "2005",
     pages     = "042",
     eprint    = "hep-th/0412032",
     archivePrefix = "arXiv",
     SLACcitation  = "%%CITATION = HEP-TH 0412032;%%"
}

@Article{Banks:1998dd,
     author    = "Banks, Tom and Douglas, Michael R. and Horowitz, Gary T.
                  and Martinec, Emil J.",
     title     = "{AdS dynamics from conformal field theory}",
     year      = "1998",
     eprint    = "hep-th/9808016",
     archivePrefix = "arXiv",
     SLACcitation  = "%%CITATION = HEP-TH/9808016;%%"
}

@Article{Beasley:2002xv,
     author    = "Beasley, Chris E.",
     title     = "{BPS branes from baryons}",
     journal   = "JHEP",
     volume    = "11",
     year      = "2002",
     pages     = "015",
     eprint    = "hep-th/0207125",
     archivePrefix = "arXiv",
     SLACcitation  = "%%CITATION = HEP-TH/0207125;%%"
}

@Article{Berenstein:2005aa,
  author = {Berenstein, David},
  title = {Large N BPS states and emergent quantum gravity},
  journal = {JHEP},
  year = {2006},
  volume = {01},
  pages = {125},
  eprint = {hep-th/0507203},
  archivePrefix = "arXiv",
  slaccitation = {%%CITATION = HEP-TH 0507203;%%},
}

@Article{Berenstein:2005ek,
     author    = "Berenstein, David and Correa, Diego H.",
     title     = "{Emergent geometry from q-deformations of N = 4 super Yang-
                  Mills}",
     journal   = "JHEP",
     volume    = "08",
     year      = "2006",
     pages     = "006",
     eprint    = "hep-th/0511104",
     archivePrefix = "arXiv",
     SLACcitation  = "%%CITATION = HEP-TH/0511104;%%"
}
@Article{Berenstein:2005jq,
  author = {Berenstein, David and Correa, Diego H. and Vazquez, Samuel
                      E.},
  title = {All loop BMN state energies from matrices},
  journal = {JHEP},
  year = {2006},
  volume = {02},
  pages = {048},
  eprint = {hep-th/0509015},
  archivePrefix = "arXiv",
  slaccitation = {%%CITATION = HEP-TH 0509015;%%},
}

@Article{Das:2000st,
     author    = "Das, Sumit R. and Jevicki, Antal and Mathur, Samir D.",
     title     = "{Vibration modes of giant gravitons}",
     journal   = "Phys. Rev.",
     volume    = "D63",
     year      = "2001",
     pages     = "024013",
     eprint    = "hep-th/0009019",
     archivePrefix = "arXiv",
     doi       = "10.1103/PhysRevD.63.024013",
     SLACcitation  = "%%CITATION = HEP-TH/0009019;%%"
}

@Article{Das:2000fu,
     author    = "Das, Sumit R. and Jevicki, Antal and Mathur, Samir D.",
     title     = "{Giant gravitons, BPS bounds and noncommutativity}",
     journal   = "Phys. Rev.",
     volume    = "D63",
     year      = "2001",
     pages     = "044001",
     eprint    = "hep-th/0008088",
     archivePrefix = "arXiv",
     doi       = "10.1103/PhysRevD.63.044001",
     SLACcitation  = "%%CITATION = HEP-TH/0008088;%%"
}

@Article{Grisaru:2000zn,
  author = {Grisaru, Marcus T. and Myers, Robert C. and Tafjord, Oyvind
                      },
  title = {SUSY and Goliath},
  journal = {JHEP},
  year = {2000},
  volume = {08},
  pages = {040},
  eprint = {hep-th/0008015},
  archivePrefix = "arXiv",
  slaccitation = {%%CITATION = HEP-TH 0008015;%%},
}

@Article{Hashimoto:2000zp,
  author = {Hashimoto, Akikazu and Hirano, Shinji and Itzhaki, N.},
  title = {Large branes in AdS and their field theory dual},
  journal = {JHEP},
  year = {2000},
  volume = {08},
  pages = {051},
  eprint = {hep-th/0008016},
  archivePrefix = "arXiv",
  slaccitation = {%%CITATION = HEP-TH 0008016;%%},
}

@Article{Kim:2005mw,
  author = {Kim, Seok and Lee, Kimyeong},
  title = {BPS electromagnetic waves on giant gravitons},
  journal = {JHEP},
  year = {2005},
  volume = {10},
  pages = {111},
  eprint = {hep-th/0502007},
  archivePrefix = "arXiv",
  slaccitation = {%%CITATION = HEP-TH 0502007;%%},
}

@Article{McGreevy:2000cw,
  author = {McGreevy, John and Susskind, Leonard and Toumbas, Nicolaos
                      },
  title = {Invasion of the giant gravitons from anti-de Sitter space},
  journal = {JHEP},
  year = {2000},
  volume = {06},
  pages = {008},
  eprint = {hep-th/0003075},
  archivePrefix = "arXiv",
  slaccitation = {%%CITATION = HEP-TH 0003075;%%},
}

@ARTICLE{Mikhailov:2000ya,
  author = {Mikhailov, Andrei},
  title = {Giant gravitons from holomorphic surfaces},
  journal = {JHEP},
  year = {2000},
  volume = {11},
  pages = {027},
  eprint = {hep-th/0010206},
  archivePrefix = "arXiv",
  slaccitation = {%%CITATION = HEP-TH 0010206;%%},
}

@Article{Janik:2006dc,
     author    = "Janik, Romuald A.",
     title     = "{The AdS(5) x S**5 superstring worldsheet S-matrix and
                  crossing  symmetry}",
     journal   = "Phys. Rev.",
     volume    = "D73",
     year      = "2006",
     pages     = "086006",
     eprint    = "hep-th/0603038",
     archivePrefix = "arXiv",
     doi       = "10.1103/PhysRevD.73.086006",
     SLACcitation  = "%%CITATION = HEP-TH/0603038;%%"
}

@Article{Berkooz:2006wc,
     author    = "Berkooz, Micha and Reichmann, Dori and Simon, Joan",
     title     = "{A Fermi surface model for large supersymmetric AdS(5)
                  black holes}",
     journal   = "JHEP",
     volume    = "01",
     year      = "2007",
     pages     = "048",
     eprint    = "hep-th/0604023",
     archivePrefix = "arXiv",
     SLACcitation  = "%%CITATION = HEP-TH/0604023;%%"
}

@Article{Berenstein:2004kk,
     author    = "Berenstein, David",
     title     = "{A toy model for the AdS/CFT correspondence}",
     journal   = "JHEP",
     volume    = "07",
     year      = "2004",
     pages     = "018",
     eprint    = "hep-th/0403110",
     archivePrefix = "arXiv",
     SLACcitation  = "%%CITATION = HEP-TH 0403110;%%"
}

@Article{Lin:2004nb,
     author    = "Lin, Hai and Lunin, Oleg and Maldacena, Juan M.",
     title     = "{Bubbling AdS space and 1/2 BPS geometries}",
     journal   = "JHEP",
     volume    = "10",
     year      = "2004",
     pages     = "025",
     eprint    = "hep-th/0409174",
     archivePrefix = "arXiv",
     SLACcitation  = "%%CITATION = HEP-TH 0409174;%%"
}

@Article{Mandal:2005wv,
     author    = "Mandal, Gautam",
     title     = "{Fermions from half-BPS supergravity}",
     journal   = "JHEP",
     volume    = "08",
     year      = "2005",
     pages     = "052",
     eprint    = "hep-th/0502104",
     archivePrefix = "arXiv",
     SLACcitation  = "%%CITATION = HEP-TH 0502104;%%"
}

@Article{Dhar:2005qh,
     author    = "Dhar, Avinash",
     title     = "Bosonization of non-relativstic fermions in 2-dimensions
                  and collective field theory",
     journal   = "JHEP",
     volume    = "07",
     year      = "2005",
     pages     = "064",
     eprint    = "hep-th/0505084",
     archivePrefix = "arXiv",
     SLACcitation  = "%%CITATION = HEP-TH 0505084;%%"
}

@Article{Dhar:2005fg,
     author    = "Dhar, Avinash and Mandal, Gautam and Suryanarayana, Nemani
                  V",
     title     = "Exact operator bosonization of finite number of fermions in
                  one space dimension",
     journal   = "JHEP",
     volume    = "01",
     year      = "2006",
     pages     = "118",
     eprint    = "hep-th/0509164",
     archivePrefix = "arXiv",
     SLACcitation  = "%%CITATION = HEP-TH 0509164;%%"
}

@Article{Dhar:2005su,
     author    = "Dhar, Avinash and Mandal, Gautam and Smedback, Mikael",
     title     = "From gravitons to giants",
     journal   = "JHEP",
     volume    = "03",
     year      = "2006",
     pages     = "031",
     eprint    = "hep-th/0512312",
     archivePrefix = "arXiv",
     SLACcitation  = "%%CITATION = HEP-TH 0512312;%%"
}

@Article{Grant:2005qc,
     author    = "Grant, Lars and Maoz, Liat and Marsano, Joseph and
                  Papadodimas, Kyriakos and Rychkov, Vyacheslav S.",
     title     = "{Minisuperspace quantization of `bubbling AdS' and free
                  fermion droplets}",
     journal   = "JHEP",
     volume    = "08",
     year      = "2005",
     pages     = "025",
     eprint    = "hep-th/0505079",
     archivePrefix = "arXiv",
     SLACcitation  = "%%CITATION = HEP-TH 0505079;%%"
}

@Article{Maoz:2005nk,
     author    = "Maoz, Liat and Rychkov, Vyacheslav S.",
     title     = "{Geometry quantization from supergravity: The case of
                  'bubbling AdS'}",
     journal   = "JHEP",
     volume    = "08",
     year      = "2005",
     pages     = "096",
     eprint    = "hep-th/0508059",
     archivePrefix = "arXiv",
     SLACcitation  = "%%CITATION = HEP-TH/0508059;%%"
}


@Article{Balasubramanian:2001nh,
     author    = "Balasubramanian, Vijay and Berkooz, Micha and Naqvi, Asad
                  and Strassler, Matthew J.",
     title     = "Giant gravitons in conformal field theory",
     journal   = "JHEP",
     volume    = "04",
     year      = "2002",
     pages     = "034",
     eprint    = "hep-th/0107119",
     archivePrefix = "arXiv",
     SLACcitation  = "%%CITATION = HEP-TH 0107119;%%"
}

@Article{Balasubramanian:2002sa,
     author    = "Balasubramanian, Vijay and Huang, Min-xin and Levi, Thomas
                  S. and Naqvi, Asad",
     title     = "{Open strings from N = 4 super Yang-Mills}",
     journal   = "JHEP",
     volume    = "08",
     year      = "2002",
     pages     = "037",
     eprint    = "hep-th/0204196",
     archivePrefix = "arXiv",
     SLACcitation  = "%%CITATION = HEP-TH 0204196;%%"
}

@Article{Corley:2001zk,
     author    = "Corley, Steve and Jevicki, Antal and Ramgoolam, Sanjaye",
     title     = "{Exact correlators of giant gravitons from dual N = 4 SYM
                  theory}",
     journal   = "Adv. Theor. Math. Phys.",
     volume    = "5",
     year      = "2002",
     pages     = "809-839",
     eprint    = "hep-th/0111222",
     archivePrefix = "arXiv",
     SLACcitation  = "%%CITATION = HEP-TH 0111222;%%"
}

@Article{Berenstein:2006yy,
     author    = "Berenstein, David and Cotta, Randel",
     title     = "{Aspects of emergent geometry in the AdS/CFT context}",
     journal   = "Phys. Rev.",
     volume    = "D74",
     year      = "2006",
     pages     = "026006",
     eprint    = "hep-th/0605220",
     archivePrefix = "arXiv",
     doi       = "10.1103/PhysRevD.74.026006",
     SLACcitation  = "%%CITATION = HEP-TH/0605220;%%"
}

@Article{Gauntlett:2004hh,
     author    = "Gauntlett, Jerome P. and Martelli, Dario and Sparks, James
                  F. and Waldram, Daniel",
     title     = "{A new infinite class of Sasaki-Einstein manifolds}",
     journal   = "Adv. Theor. Math. Phys.",
     volume    = "8",
     year      = "2006",
     pages     = "987-1000",
     eprint    = "hep-th/0403038",
     archivePrefix = "arXiv",
     SLACcitation  = "%%CITATION = HEP-TH 0403038;%%"
}

@Article{Gauntlett:2004hs,
     author    = "Gauntlett, Jerome P. and Martelli, Dario and Sparks, James
                  and Waldram, Daniel",
     title     = "{Supersymmetric AdS backgrounds in string and M-theory}",
     year      = "2004",
     eprint    = "hep-th/0411194",
     archivePrefix = "arXiv",
     SLACcitation  = "%%CITATION = HEP-TH/0411194;%%"
}

@Article{Martelli:2004wu,
     author    = "Martelli, Dario and Sparks, James",
     title     = "{Toric geometry, Sasaki-Einstein manifolds and a new
                  infinite class of  AdS/CFT duals}",
     journal   = "Commun. Math. Phys.",
     volume    = "262",
     year      = "2006",
     pages     = "51-89",
     eprint    = "hep-th/0411238",
     archivePrefix = "arXiv",
     SLACcitation  = "%%CITATION = HEP-TH 0411238;%%"
}

@Article{Benvenuti:2004dy,
     author    = "Benvenuti, Sergio and Franco, Sebastian and Hanany, Amihay
                  and Martelli, Dario and Sparks, James",
     title     = "{An infinite family of superconformal quiver gauge theories
                  with  Sasaki-Einstein duals}",
     journal   = "JHEP",
     volume    = "06",
     year      = "2005",
     pages     = "064",
     eprint    = "hep-th/0411264",
     archivePrefix = "arXiv",
     SLACcitation  = "%%CITATION = HEP-TH 0411264;%%"
}

@Article{Martelli:2005tp,
     author    = "Martelli, D. and Sparks, J. and Yau, Shing-Tung",
     title     = "{The geometric dual of a-maximisation for toric Sasaki-
                  Einstein  manifolds}",
     journal   = "Commun. Math. Phys.",
     volume    = "268",
     year      = "2006",
     pages     = "39-65",
     eprint    = "hep-th/0503183",
     archivePrefix = "arXiv",
     SLACcitation  = "%%CITATION = HEP-TH/0503183;%%"
}


@Article{Martelli:2005wy,
     author    = "Martelli, Dario and Sparks, James",
     title     = "{Toric Sasaki-Einstein metrics on S**2 x S**3}",
     journal   = "Phys. Lett.",
     volume    = "B621",
     year      = "2005",
     pages     = "208-212",
     eprint    = "hep-th/0505027",
     archivePrefix = "arXiv",
     doi       = "10.1016/j.physletb.2005.06.059",
     SLACcitation  = "%%CITATION = HEP-TH/0505027;%%"
}

@Article{Franco:2005sm,
     author    = "Franco, Sebastian and others",
     title     = "{Gauge theories from toric geometry and brane tilings}",
     journal   = "JHEP",
     volume    = "01",
     year      = "2006",
     pages     = "128",
     eprint    = "hep-th/0505211",
     archivePrefix = "arXiv",
     SLACcitation  = "%%CITATION = HEP-TH/0505211;%%"
}

@Article{Gauntlett:2005ww,
     author    = "Gauntlett, Jerome P. and Martelli, Dario and Sparks, James
                  and Waldram, Daniel",
     title     = "{Supersymmetric AdS(5) solutions of type IIB
                  supergravity}",
     journal   = "Class. Quant. Grav.",
     volume    = "23",
     year      = "2006",
     pages     = "4693-4718",
     eprint    = "hep-th/0510125",
     archivePrefix = "arXiv",
     SLACcitation  = "%%CITATION = HEP-TH/0510125;%%"
}

@Article{Martelli:2006yb,
     author    = "Martelli, Dario and Sparks, James and Yau, Shing-Tung",
     title     = "{Sasaki-Einstein manifolds and volume minimisation}",
     journal   = "Commun. Math. Phys.",
     volume    = "280",
     year      = "2008",
     pages     = "611-673",
     eprint    = "hep-th/0603021",
     archivePrefix = "arXiv",
     doi       = "10.1007/s00220-008-0479-4",
     SLACcitation  = "%%CITATION = HEP-TH/0603021;%%"
}

@Article{Mandal:2006tk,
     author    = "Mandal, Gautam and Suryanarayana, Nemani V.",
     title     = "{Counting 1/8-BPS dual-giants}",
     journal   = "JHEP",
     volume    = "03",
     year      = "2007",
     pages     = "031",
     eprint    = "hep-th/0606088",
     archivePrefix = "arXiv",
     SLACcitation  = "%%CITATION = HEP-TH/0606088;%%"
}

@Article{Aharony:2005bm,
     author    = "Aharony, Ofer and Minwalla, Shiraz and Wiseman, Toby",
     title     = "{Plasma-balls in large N gauge theories and localized black
                  holes}",
     journal   = "Class. Quant. Grav.",
     volume    = "23",
     year      = "2006",
     pages     = "2171-2210",
     eprint    = "hep-th/0507219",
     archivePrefix = "arXiv",
     doi       = "10.1088/0264-9381/23/7/001",
     SLACcitation  = "%%CITATION = HEP-TH 0507219;%%"
}

@Article{Witten:1998zw,
     author    = "Witten, Edward",
     title     = "{Anti-de Sitter space, thermal phase transition, and
                  confinement in  gauge theories}",
     journal   = "Adv. Theor. Math. Phys.",
     volume    = "2",
     year      = "1998",
     pages     = "505-532",
     eprint    = "hep-th/9803131",
     archivePrefix = "arXiv",
     SLACcitation  = "%%CITATION = HEP-TH/9803131;%%"
}

@Article{Son:2007vk,
     author    = "Son, Dam T. and Starinets, Andrei O.",
     title     = "{Viscosity, Black Holes, and Quantum Field Theory}",
     journal   = "Ann. Rev. Nucl. Part. Sci.",
     volume    = "57",
     year      = "2007",
     pages     = "95-118",
     eprint    = "0704.0240",
     archivePrefix = "arXiv",
     primaryClass  =  "hep-th",
     doi       = "10.1146/annurev.nucl.57.090506.123120",
     SLACcitation  = "%%CITATION = 0704.0240;%%"
}


@Article{Lahiri:2007ae,
     author    = "Lahiri, Subhaneil and Minwalla, Shiraz",
     title     = "{Plasmarings as dual black rings}",
     journal   = "JHEP",
     volume    = "05",
     year      = "2008",
     pages     = "001",
     eprint    = "0705.3404",
     archivePrefix = "arXiv",
     primaryClass  =  "hep-th",
     doi       = "10.1088/1126-6708/2008/05/001",
     SLACcitation  = "%%CITATION = 0705.3404;%%"
}

@Article{Son:2006em,
     author    = "Son, Dam T. and Starinets, Andrei O.",
     title     = "{Hydrodynamics of R-charged black holes}",
     journal   = "JHEP",
     volume    = "03",
     year      = "2006",
     pages     = "052",
     eprint    = "hep-th/0601157",
     archivePrefix = "arXiv",
     SLACcitation  = "%%CITATION = HEP-TH/0601157;%%"
}

@Article{Kraus:2005zm,
     author    = "Kraus, Per and Larsen, Finn",
     title     = "Holographic gravitational anomalies",
     journal   = "JHEP",
     volume    = "01",
     year      = "2006",
     pages     = "022",
     eprint    = "hep-th/0508218",
     archivePrefix = "arXiv",
     SLACcitation  = "%%CITATION = HEP-TH/0508218;%%"
}

@Article{Kraus:1999di,
     author    = "Kraus, Per and Larsen, Finn and Siebelink, Ruud",
     title     = "{The gravitational action in asymptotically AdS and flat
                  spacetimes}",
     journal   = "Nucl. Phys.",
     volume    = "B563",
     year      = "1999",
     pages     = "259-278",
     eprint    = "hep-th/9906127",
     archivePrefix = "arXiv",
     doi       = "10.1016/S0550-3213(99)00549-0",
     SLACcitation  = "%%CITATION = HEP-TH/9906127;%%"
}

@Article{Policastro:2001yc,
     author    = "Policastro, G. and Son, D. T. and Starinets, A. O.",
     title     = "{The shear viscosity of strongly coupled N = 4
                  supersymmetric Yang-Mills  plasma}",
     journal   = "Phys. Rev. Lett.",
     volume    = "87",
     year      = "2001",
     pages     = "081601",
     eprint    = "hep-th/0104066",
     archivePrefix = "arXiv",
     doi       = "10.1103/PhysRevLett.87.081601",
     SLACcitation  = "%%CITATION = HEP-TH/0104066;%%"
}

@Article{Berman:1999mh,
     author    = "Berman, David S. and Parikh, Maulik K.",
     title     = "{Holography and rotating AdS black holes}",
     journal   = "Phys. Lett.",
     volume    = "B463",
     year      = "1999",
     pages     = "168-173",
     eprint    = "hep-th/9907003",
     archivePrefix = "arXiv",
     doi       = "10.1016/S0370-2693(99)00974-0",
     SLACcitation  = "%%CITATION = HEP-TH/9907003;%%"
}

@Article{Hawking:1998kw,
     author    = "Hawking, S. W. and Hunter, C. J. and Taylor, Marika",
     title     = "{Rotation and the AdS/CFT correspondence}",
     journal   = "Phys. Rev.",
     volume    = "D59",
     year      = "1999",
     pages     = "064005",
     eprint    = "hep-th/9811056",
     archivePrefix = "arXiv",
     doi       = "10.1103/PhysRevD.59.064005",
     SLACcitation  = "%%CITATION = HEP-TH/9811056;%%"
}

@Article{Harmark:1999xt,
     author    = "Harmark, T. and Obers, N. A.",
     title     = "Thermodynamics of spinning branes and their dual field
                  theories",
     journal   = "JHEP",
     volume    = "01",
     year      = "2000",
     pages     = "008",
     eprint    = "hep-th/9910036",
     archivePrefix = "arXiv",
     SLACcitation  = "%%CITATION = HEP-TH/9910036;%%"
}

@Article{Aharony:2003sx,
     author    = "Aharony, Ofer and Marsano, Joseph and Minwalla, Shiraz and
                  Papadodimas, Kyriakos and Van Raamsdonk, Mark",
     title     = "{The Hagedorn / deconfinement phase transition in weakly
                  coupled large N  gauge theories}",
     journal   = "Adv. Theor. Math. Phys.",
     volume    = "8",
     year      = "2004",
     pages     = "603-696",
     eprint    = "hep-th/0310285",
     archivePrefix = "arXiv",
     SLACcitation  = "%%CITATION = HEP-TH/0310285;%%"
}

@Article{Bhattacharyya:2007vs,
     author    = "Bhattacharyya, Sayantani and Lahiri, Subhaneil and
                  Loganayagam, R. and Minwalla, Shiraz",
     title     = "{Large rotating AdS black holes from fluid mechanics}",
     journal   = "JHEP",
     volume    = "09",
     year      = "2008",
     pages     = "054",
     eprint    = "0708.1770",
     archivePrefix = "arXiv",
     primaryClass  =  "hep-th",
     doi       = "10.1088/1126-6708/2008/09/054",
     SLACcitation  = "%%CITATION = 0708.1770;%%"
}

@Article{Biswas:2006tj,
     author    = "Biswas, Indranil and Gaiotto, Davide and Lahiri, Subhaneil
                  and Minwalla, Shiraz",
     title     = "{Supersymmetric states of N = 4 Yang-Mills from giant
                  gravitons}",
     journal   = "JHEP",
     volume    = "12",
     year      = "2007",
     pages     = "006",
     eprint    = "hep-th/0606087",
     archivePrefix = "arXiv",
     doi       = "10.1088/1126-6708/2007/12/006",
     SLACcitation  = "%%CITATION = HEP-TH/0606087;%%"
}

@Article{Cheng:2005wk,
     author    = "Cheng, Miranda C. N. and Skenderis, Kostas",
     title     = "{Positivity of energy for asymptotically locally AdS
                  spacetimes}",
     journal   = "JHEP",
     volume    = "08",
     year      = "2005",
     pages     = "107",
     eprint    = "hep-th/0506123",
     archivePrefix = "arXiv",
     SLACcitation  = "%%CITATION = HEP-TH/0506123;%%"
}

@Article{de-Haro:2000xn,
     author    = "de Haro, Sebastian and Solodukhin, Sergey N. and Skenderis,
                  Kostas",
     title     = "{Holographic reconstruction of spacetime and
                  renormalization in the AdS/CFT correspondence}",
     journal   = "Commun. Math. Phys.",
     volume    = "217",
     year      = "2001",
     pages     = "595-622",
     eprint    = "hep-th/0002230",
     archivePrefix = "arXiv",
     doi       = "10.1007/s002200100381",
     SLACcitation  = "%%CITATION = HEP-TH/0002230;%%"
}

@Article{Henningson:1998gx,
     author    = "Henningson, M. and Skenderis, K.",
     title     = "{The holographic Weyl anomaly}",
     journal   = "JHEP",
     volume    = "07",
     year      = "1998",
     pages     = "023",
     eprint    = "hep-th/9806087",
     archivePrefix = "arXiv",
     SLACcitation  = "%%CITATION = HEP-TH/9806087;%%"
}

@Article{Olea:2006vd,
     author    = "Olea, Rodrigo",
     title     = "{Regularization of odd-dimensional AdS gravity:
                  Kounterterms}",
     journal   = "JHEP",
     volume    = "04",
     year      = "2007",
     pages     = "073",
     eprint    = "hep-th/0610230",
     archivePrefix = "arXiv",
     SLACcitation  = "%%CITATION = HEP-TH/0610230;%%"
}

@Article{Olea:2005gb,
     author    = "Olea, Rodrigo",
     title     = "{Mass, angular momentum and thermodynamics in four-
                  dimensional Kerr-AdS  black holes}",
     journal   = "JHEP",
     volume    = "06",
     year      = "2005",
     pages     = "023",
     eprint    = "hep-th/0504233",
     archivePrefix = "arXiv",
     SLACcitation  = "%%CITATION = HEP-TH/0504233;%%"
}


@Article{Papadimitriou:2005ii,
     author    = "Papadimitriou, Ioannis and Skenderis, Kostas",
     title     = "{Thermodynamics of asymptotically locally AdS spacetimes}",
     journal   = "JHEP",
     volume    = "08",
     year      = "2005",
     pages     = "004",
     eprint    = "hep-th/0505190",
     archivePrefix = "arXiv",
     SLACcitation  = "%%CITATION = HEP-TH/0505190;%%"
}

@Article{Skenderis:2000in,
     author    = "Skenderis, Kostas",
     title     = "{Asymptotically anti-de Sitter spacetimes and their stress
                  energy  tensor}",
     journal   = "Int. J. Mod. Phys.",
     volume    = "A16",
     year      = "2001",
     pages     = "740-749",
     eprint    = "hep-th/0010138",
     archivePrefix = "arXiv",
     doi       = "10.1142/S0217751X0100386X",
     SLACcitation  = "%%CITATION = HEP-TH/0010138;%%"
}

@Article{Gubser:2000ec,
     author    = "Gubser, Steven S. and Mitra, Indrajit",
     title     = "{Instability of charged black holes in anti-de Sitter
                  space}",
     year      = "2000",
     eprint    = "hep-th/0009126",
     archivePrefix = "arXiv",
     SLACcitation  = "%%CITATION = HEP-TH/0009126;%%"
}

@Article{Gubser:2000mm,
     author    = "Gubser, Steven S. and Mitra, Indrajit",
     title     = "{The evolution of unstable black holes in anti-de Sitter
                  space}",
     journal   = "JHEP",
     volume    = "08",
     year      = "2001",
     pages     = "018",
     eprint    = "hep-th/0011127",
     archivePrefix = "arXiv",
     SLACcitation  = "%%CITATION = HEP-TH/0011127;%%"
}


@Article{Bhardwaj:2008if,
     author    = "Bhardwaj, Shanthanu and Bhattacharya, Jyotirmoy",
     title     = "{Thermodynamics of Plasmaballs and Plasmarings in 3+1
                  Dimensions}",
     journal   = "JHEP",
     volume    = "03",
     year      = "2009",
     pages     = "101",
     eprint    = "0806.1897",
     archivePrefix = "arXiv",
     primaryClass  =  "hep-th",
     doi       = "10.1088/1126-6708/2009/03/101",
     SLACcitation  = "%%CITATION = 0806.1897;%%"
}


@Article{Caldarelli:2008mv,
     author    = "Caldarelli, Marco M. and Dias, Oscar J. C. and Emparan,
                  Roberto and Klemm, Dietmar",
     title     = "{Black Holes as Lumps of Fluid}",
     year      = "2008",
     eprint    = "0811.2381",
     archivePrefix = "arXiv",
     primaryClass  =  "hep-th",
     SLACcitation  = "%%CITATION = 0811.2381;%%"
}

@Article{Bhattacharyya:2008jc,
     author    = "Bhattacharyya, Sayantani and Hubeny, Veronika E and
                  Minwalla, Shiraz and Rangamani, Mukund",
     title     = "{Nonlinear Fluid Dynamics from Gravity}",
     journal   = "JHEP",
     volume    = "02",
     year      = "2008",
     pages     = "045",
     eprint    = "0712.2456",
     archivePrefix = "arXiv",
     primaryClass  =  "hep-th",
     doi       = "10.1088/1126-6708/2008/02/045",
     SLACcitation  = "%%CITATION = 0712.2456;%%"
}

@Article{Maeda:2008kj,
     author    = "Maeda, Kei-ichi and Miyamoto, Umpei",
     title     = "{Black hole-black string phase transitions from
                  hydrodynamics}",
     year      = "2008",
     eprint    = "0811.2305",
     archivePrefix = "arXiv",
     primaryClass  =  "hep-th",
     SLACcitation  = "%%CITATION = 0811.2305;%%"
}

@Article{Cardoso:2009bv,
     author    = "Cardoso, Vitor and Dias, Oscar J. C.",
     title     = "{Bifurcation of Plasma Balls and Black Holes to Lobed
                  Configurations}",
     year      = "2009",
     eprint    = "0902.3560",
     archivePrefix = "arXiv",
     primaryClass  =  "hep-th",
     SLACcitation  = "%%CITATION = 0902.3560;%%"
}

@Article{Caldarelli:2008ze,
     author    = "Caldarelli, Marco M. and Dias, Oscar J. C. and Klemm,
                  Dietmar",
     title     = "{Dyonic AdS black holes from magnetohydrodynamics}",
     year      = "2008",
     eprint    = "0812.0801",
     archivePrefix = "arXiv",
     primaryClass  =  "hep-th",
     SLACcitation  = "%%CITATION = 0812.0801;%%"
}

@article{Bhattacharya:2009gm,
      author         = "Bhattacharya, Jyotirmoy and Lahiri, Subhaneil",
      title          = "{Lumps of plasma in arbitrary dimensions}",
      journal        = "JHEP",
      volume         = "1008",
      pages          = "073",
      doi            = "10.1007/JHEP08(2010)073",
      year           = "2010",
      eprint         = "0903.4734",
      archivePrefix  = "arXiv",
      primaryClass   = "hep-th",
}

@Article{Banerjee:2008th,
     author    = "Banerjee, Nabamita and others",
     title     = "{Hydrodynamics from charged black branes}",
     year      = "2008",
     eprint    = "0809.2596",
     archivePrefix = "arXiv",
     primaryClass  =  "hep-th",
     SLACcitation  = "%%CITATION = 0809.2596;%%"
}

@Article{Erdmenger:2008rm,
     author    = "Erdmenger, Johanna and Haack, Michael and Kaminski,
                  Matthias and Yarom, Amos",
     title     = "{Fluid dynamics of R-charged black holes}",
     journal   = "JHEP",
     volume    = "01",
     year      = "2009",
     pages     = "055",
     eprint    = "0809.2488",
     archivePrefix = "arXiv",
     primaryClass  =  "hep-th",
     doi       = "10.1088/1126-6708/2009/01/055",
     SLACcitation  = "%%CITATION = 0809.2488;%%"
}

@Article{Buchel:2005nt,
     author    = "Buchel, Alex",
     title     = "{A holographic perspective on Gubser-Mitra conjecture}",
     journal   = "Nucl. Phys.",
     volume    = "B731",
     year      = "2005",
     pages     = "109-124",
     eprint    = "hep-th/0507275",
     archivePrefix = "arXiv",
     doi       = "10.1016/j.nuclphysb.2005.10.014",
     SLACcitation  = "%%CITATION = HEP-TH/0507275;%%"
}
