@Article{Gutowski:2004ez,
     author    = "Gutowski, Jan B. and Reall, Harvey S.",
     title     = "{Supersymmetric AdS(5) black holes}",
     journal   = "JHEP",
     volume    = "02",
     year      = "2004",
     pages     = "006",
     eprint    = "hep-th/0401042",
     archivePrefix = "arXiv",
     SLACcitation  = "%%CITATION = HEP-TH 0401042;%%"
}

@Article{Gutowski:2004yv,
     author    = "Gutowski, Jan B. and Reall, Harvey S.",
     title     = "{General supersymmetric AdS(5) black holes}",
     journal   = "JHEP",
     volume    = "04",
     year      = "2004",
     pages     = "048",
     eprint    = "hep-th/0401129",
     archivePrefix = "arXiv",
     SLACcitation  = "%%CITATION = HEP-TH 0401129;%%"
}

@Article{Chong:2005hr,
     author    = "Chong, Z. -W. and Cvetic, M. and Lu, H. and Pope, C. N.",
     title     = "{General non-extremal rotating black holes in minimal five-
                  dimensional  gauged supergravity}",
     journal   = "Phys. Rev. Lett.",
     volume    = "95",
     year      = "2005",
     pages     = "161301",
     eprint    = "hep-th/0506029",
     archivePrefix = "arXiv",
     doi       = "10.1103/PhysRevLett.95.161301",
     SLACcitation  = "%%CITATION = HEP-TH/0506029;%%"
}

@Article{Chong:2005da,
     author    = "Chong, Z. W. and Cvetic, M. and Lu, H. and Pope, C. N.",
     title     = "{Five-dimensional gauged supergravity black holes with
                  independent  rotation parameters}",
     journal   = "Phys. Rev.",
     volume    = "D72",
     year      = "2005",
     pages     = "041901",
     eprint    = "hep-th/0505112",
     archivePrefix = "arXiv",
     doi       = "10.1103/PhysRevD.72.041901",
     SLACcitation  = "%%CITATION = HEP-TH/0505112;%%"
}

@Article{Kunduri:2006ek,
     author    = "Kunduri, Hari K. and Lucietti, James and Reall, Harvey S.",
     title     = "{Supersymmetric multi-charge AdS(5) black holes}",
     journal   = "JHEP",
     volume    = "04",
     year      = "2006",
     pages     = "036",
     eprint    = "hep-th/0601156",
     archivePrefix = "arXiv",
     SLACcitation  = "%%CITATION = HEP-TH 0601156;%%"
}

@INCOLLECTION{Crnkovic:1986ex,
  author = {Crnkovic, Cedomir and Witten, Edward},
  editor = {Hawking, S.W. and Israel, W.},
  title = {Covariant description of canonical formalism in geometrical theories},
  booktitle = {Three hundred years of gravitation},
  publisher = {Cambridge University Press},
  year = {1987},
  chapter = {16},
  pages = {676-684},
  note = {Print-86-1309 (PRINCETON)},
}

@INPROCEEDINGS{zuckerman,
  author       = {G. J. Zuckerman},
  editor       = {Yau, Shing-Tung},
  title        = {Action principles and global geometry},
  booktitle    = {Mathematical aspects of string theory},
  year         = 1987,
  publisher    = {World Scientific},
  pages        = 259,
}

@Article{Lee:1990nz,
     author    = "Lee, J. and Wald, R. M.",
     title     = "{Local symmetries and constraints}",
     journal   = "J. Math. Phys.",
     volume    = "31",
     year      = "1990",
     pages     = "725-743",
     doi       = "10.1063/1.528801",
     SLACcitation  = "%%CITATION = JMAPA,31,725;%%"
}

@Article{Emparan:2001wn,
     author    = "Emparan, Roberto and Reall, Harvey S.",
     title     = "{A rotating black ring in five dimensions}",
     journal   = "Phys. Rev. Lett.",
     volume    = "88",
     year      = "2002",
     pages     = "101101",
     eprint    = "hep-th/0110260",
     archivePrefix = "arXiv",
     doi       = "10.1103/PhysRevLett.88.101101",
     SLACcitation  = "%%CITATION = HEP-TH/0110260;%%"
}

@Article{Arcioni:2004ww,
     author    = "Arcioni, Giovanni and Lozano-Tellechea, Ernesto",
     title     = "{Stability and critical phenomena of black holes and black
                  rings}",
     journal   = "Phys. Rev.",
     volume    = "D72",
     year      = "2005",
     pages     = "104021",
     eprint    = "hep-th/0412118",
     archivePrefix = "arXiv",
     doi       = "10.1103/PhysRevD.72.104021",
     SLACcitation  = "%%CITATION = HEP-TH/0412118;%%"
}

@Article{Arcioni:2005fm,
     author    = "Arcioni, Giovanni and Lozano-Tellechea, Ernesto",
     title     = "Stability and thermodynamics of black rings",
     year      = "2005",
     eprint    = "hep-th/0502121",
     archivePrefix = "arXiv",
     SLACcitation  = "%%CITATION = HEP-TH 0502121;%%"
}

@Article{Cardoso:2006sj,
     author    = "Cardoso, Vitor and Gualtieri, Leonardo",
     title     = "Equilibrium configurations of fluids and their stability in
                  higher dimensions",
     journal   = "Class. Quant. Grav.",
     volume    = "23",
     year      = "2006",
     pages     = "7151-7198",
     eprint    = "hep-th/0610004",
     archivePrefix = "arXiv",
     doi="10.1088/0264-9381/23/24/001",
     SLACcitation  = "%%CITATION = HEP-TH 0610004;%%"
}

@Article{Emparan:2006mm,
     author    = "Emparan, Roberto and Reall, Harvey S.",
     title     = "{Black rings}",
     journal   = "Class. Quant. Grav.",
     volume    = "23",
     year      = "2006",
     pages     = "R169",
     eprint    = "hep-th/0608012",
     archivePrefix = "arXiv",
     doi="10.1088/0264-9381/23/20/R01",
     SLACcitation  = "%%CITATION = HEP-TH/0608012;%%"
}

@Article{Elvang:2006dd,
     author    = "Elvang, Henriette and Emparan, Roberto and Virmani, Amitabh
                  ",
     title     = "Dynamics and stability of black rings",
     journal   = "JHEP",
     volume    = "12",
     year      = "2006",
     pages     = "074",
     eprint    = "hep-th/0608076",
     archivePrefix = "arXiv",
     SLACcitation  = "%%CITATION = HEP-TH 0608076;%%"
}

@BOOK{Misner+ThorneETAL-Grav:73,
  author       = {Misner, Charles W. and Thorne, Kip S. and Wheeler, John Archibald},
  title        = {Gravitation},
  year         = {1973},
  publisher    = {W.~H.~Freeman and company },
  address      = {San Francisco},
}

@Article{Galloway:2005mf,
     author    = "Galloway, Gregory J. and Schoen, Richard",
     title     = "{A generalization of Hawking's black hole topology theorem
                  to higher  dimensions}",
     journal   = "Commun. Math. Phys.",
     volume    = "266",
     year      = "2006",
     pages     = "571-576",
     eprint    = "gr-qc/0509107",
     archivePrefix = "arXiv",
     doi       = "10.1007/s00220-006-0019-z",
     SLACcitation  = "%%CITATION = GR-QC/0509107;%%"
}

@Article{Helfgott:2005jn,
     author    = "Helfgott, Craig and Oz, Yaron and Yanay, Yariv",
     title     = "{On the topology of black hole event horizons in higher
                  dimensions}",
     journal   = "JHEP",
     volume    = "02",
     year      = "2006",
     pages     = "025",
     eprint    = "hep-th/0509013",
     archivePrefix = "arXiv",
     SLACcitation  = "%%CITATION = HEP-TH/0509013;%%"
}


@Article{Emparan:2003sy,
     author    = "Emparan, Roberto and Myers, Robert C.",
     title     = "Instability of ultra-spinning black holes",
     journal   = "JHEP",
     volume    = "09",
     year      = "2003",
     pages     = "025",
     eprint    = "hep-th/0308056",
     archivePrefix = "arXiv",
     SLACcitation  = "%%CITATION = HEP-TH/0308056;%%"
}

@Article{Cardoso:2006ks,
     author    = "Cardoso, Vitor and Dias, Oscar J. C.",
     title     = "{Gregory-Laflamme and Rayleigh-Plateau instabilities of black strings}",
     journal   = "Phys. Rev. Lett.",
     volume    = "96",
     year      = "2006",
     pages     = "181601",
     eprint    = "hep-th/0602017",
     archivePrefix = "arXiv",
     doi       = "10.1103/PhysRevLett.96.181601",
     SLACcitation  = "%%CITATION = HEP-TH/0602017;%%"
}


@Article{Cardoso:2007ka,
     author    = "Cardoso, Vitor and Dias, Oscar J. C. and Gualtieri,
                  Leonardo",
     title     = "{The return of the membrane paradigm? Black holes and
                  strings in the water tap}",
     journal   = "Int. J. Mod. Phys.",
     volume    = "D17",
     year      = "2008",
     pages     = "505-511",
     eprint    = "0705.2777",
     archivePrefix = "arXiv",
     primaryClass  =  "hep-th",
     doi       = "10.1142/S0218271808012176",
     SLACcitation  = "%%CITATION = 0705.2777;%%"
}

@Article{Parikh:1997ma,
     author    = "Parikh, Maulik and Wilczek, Frank",
     title     = "{An action for black hole membranes}",
     journal   = "Phys. Rev.",
     volume    = "D58",
     year      = "1998",
     pages     = "064011",
     eprint    = "gr-qc/9712077",
     archivePrefix = "arXiv",
     doi       = "10.1103/PhysRevD.58.064011",
     SLACcitation  = "%%CITATION = GR-QC/9712077;%%"
}

@BOOK{Thorne:1986iy,
  author       = {Thorne, K. S. and MacDonald, D. A.  and  Price, R. H.},
  title        = {Black Holes: The Membrane Paradigm},
  year         = {1986},
  publisher    = {Yale University Press},
}

@ARTICLE{Poincare-lequdunemassflui:85,
  author       = {Poincare, Henri},
  title        = {Sur l'equilibre d'une masse fluide {anim\'ee} d'un mouvement de rotation},
  year         = {1885},
  journal      = {Acta Mathematica},
  volume       = {7},
  pages        = {259-380},
}

@Article{Sorkin:1982ut,
     author    = "Sorkin, Rafael D.",
     title     = "{A Stability criterion for many parameter equilibrium
                  families}",
     journal   = "Astrophys. J.",
     volume    = "257",
     year      = "1982",
     pages     = "847-854",
     doi       = "10.1086/160034",
     SLACcitation  = "%%CITATION = ASJOA,257,847;%%"
}

@Article{Sorkin:1981jc,
     author    = "Sorkin, Rafael",
     title     = "{A Criterion for the onset of instability at a turning
                  point}",
     journal   = "Astrophys. J.",
     volume    = "249",
     year      = "1981",
     pages     = "254-257",
     doi       = "10.1086/159282",
     SLACcitation  = "%%CITATION = ASJOA,249,254;%%"
}

@ARTICLE{Katz:1978,
  author       = {Katz, J.},
  title        = {On the number of unstable modes of an equilibrium},
  journal      = {Monthly Notices of the Royal Astronomical Society},
  year         = {1978},
  month        = jun,
  volume       = {183},
  pages        = {765-770},
  adsurl       = {http://adsabs.harvard.edu/abs/1978MNRAS.183..765K},
  adsnote      = {Provided by the Smithsonian/NASA Astrophysics Data System},
}

@ARTICLE{Katz:1979,
  author       = {Katz, J.},
  title        = {On the Number of Unstable Modes of an Equilibrium - Part Two},
  journal      = {Monthly Notices of the Royal Astronomical Society},
  year         = {1979},
  month        = dec,
  volume       = {189},
  pages        = {817},
  adsurl       = {http://adsabs.harvard.edu/abs/1979MNRAS.189..817K},
  adsnote      = {Provided by the Smithsonian/NASA Astrophysics Data System},
}

@Article{Chong:2006zx,
     author    = "Chong, Z. W. and Cvetic, M. and Lu, H. and Pope, C. N.",
     title     = "{Non-extremal rotating black holes in five-dimensional
                  gauged supergravity}",
     journal   = "Phys. Lett.",
     volume    = "B644",
     year      = "2007",
     pages     = "192-197",
     eprint    = "hep-th/0606213",
     archivePrefix = "arXiv",
     doi       = "10.1016/j.physletb.2006.11.012",
     SLACcitation  = "%%CITATION = HEP-TH/0606213;%%"
}

@Article{Goldstein:2005hq,
     author    = "Goldstein, Kevin and Iizuka, Norihiro and Jena, Rudra P.
                  and Trivedi, Sandip P.",
     title     = "{Non-supersymmetric attractors}",
     journal   = "Phys. Rev.",
     volume    = "D72",
     year      = "2005",
     pages     = "124021",
     eprint    = "hep-th/0507096",
     archivePrefix = "arXiv",
     doi       = "10.1103/PhysRevD.72.124021",
     SLACcitation  = "%%CITATION = HEP-TH/0507096;%%"
}

@Article{Astefanesei:2006dd,
     author    = "Astefanesei, Dumitru and Goldstein, Kevin and Jena, Rudra
                  P. and Sen, Ashoke and Trivedi, Sandip P.",
     title     = "Rotating attractors",
     journal   = "JHEP",
     volume    = "10",
     year      = "2006",
     pages     = "058",
     eprint    = "hep-th/0606244",
     archivePrefix = "arXiv",
     SLACcitation  = "%%CITATION = HEP-TH/0606244;%%"
}

@Article{Sen:2005wa,
     author    = "Sen, Ashoke",
     title     = "Black hole entropy function and the attractor mechanism in
                  higher  derivative gravity",
     journal   = "JHEP",
     volume    = "09",
     year      = "2005",
     pages     = "038",
     eprint    = "hep-th/0506177",
     archivePrefix = "arXiv",
     SLACcitation  = "%%CITATION = HEP-TH/0506177;%%"
}

@Article{Cvetic:2004ny,
     author    = "Cvetic, M. and Lu, H. and Pope, C. N.",
     title     = "{Charged rotating black holes in five dimensional U(1)**3
                  gauged N = 2  supergravity}",
     journal   = "Phys. Rev.",
     volume    = "D70",
     year      = "2004",
     pages     = "081502",
     eprint    = "hep-th/0407058",
     archivePrefix = "arXiv",
     doi       = "10.1103/PhysRevD.70.081502",
     SLACcitation  = "%%CITATION = HEP-TH/0407058;%%"
}

@Article{Chong:2004na,
     author    = "Chong, Z. -W. and Cvetic, M. and Lu, H. and Pope, C. N.",
     title     = "{Charged rotating black holes in four-dimensional gauged
                  and ungauged  supergravities}",
     journal   = "Nucl. Phys.",
     volume    = "B717",
     year      = "2005",
     pages     = "246-271",
     eprint    = "hep-th/0411045",
     archivePrefix = "arXiv",
     doi       = "10.1016/j.nuclphysb.2005.03.034",
     SLACcitation  = "%%CITATION = HEP-TH/0411045;%%"
}

@Article{Chong:2004dy,
     author    = "Chong, Z. -W. and Cvetic, M. and Lu, H. and Pope, C. N.",
     title     = "{Non-extremal charged rotating black holes in seven-
                  dimensional gauged  supergravity}",
     journal   = "Phys. Lett.",
     volume    = "B626",
     year      = "2005",
     pages     = "215-222",
     eprint    = "hep-th/0412094",
     archivePrefix = "arXiv",
     doi       = "10.1016/j.physletb.2005.07.054",
     SLACcitation  = "%%CITATION = HEP-TH/0412094;%%"
}

@Article{Cvetic:2005zi,
     author    = "Cvetic, M. and Gibbons, G. W. and Lu, H. and Pope, C. N.",
     title     = "Rotating black holes in gauged supergravities:
                  Thermodynamics,  supersymmetric limits, topological
                  solitons and time machines",
     year      = "2005",
     eprint    = "hep-th/0504080",
     archivePrefix = "arXiv",
     SLACcitation  = "%%CITATION = HEP-TH/0504080;%%"
}

@Article{Andersson:2006nr,
     author    = "Andersson, N. and Comer, G. L.",
     title     = "{Relativistic fluid dynamics: Physics for many different
                  scales}",
     year      = "2006",
     eprint    = "gr-qc/0605010",
     archivePrefix = "arXiv",
     SLACcitation  = "%%CITATION = GR-QC/0605010;%%"
}

@Article{Gibbons:2004uw,
     author    = "Gibbons, G. W. and Lu, H. and Page, Don N. and Pope, C. N.
                  ",
     title     = "{The general Kerr-de Sitter metrics in all dimensions}",
     journal   = "J. Geom. Phys.",
     volume    = "53",
     year      = "2005",
     pages     = "49-73",
     eprint    = "hep-th/0404008",
     archivePrefix = "arXiv",
     doi       = "10.1016/j.geomphys.2004.05.001",
     SLACcitation  = "%%CITATION = HEP-TH/0404008;%%"
}

@Article{Gibbons:2004ai,
     author    = "Gibbons, G. W. and Perry, M. J. and Pope, C. N.",
     title     = "{The first law of thermodynamics for Kerr - anti-de Sitter
                  black holes}",
     journal   = "Class. Quant. Grav.",
     volume    = "22",
     year      = "2005",
     pages     = "1503-1526",
     eprint    = "hep-th/0408217",
     archivePrefix = "arXiv",
     doi       = "10.1088/0264-9381/22/9/002",
     SLACcitation  = "%%CITATION = HEP-TH/0408217;%%"
}

@Article{Israel:1979wp,
     author    = "Israel, W. and Stewart, J. M.",
     title     = "Transient relativistic thermodynamics and kinetic theory",
     journal   = "Ann. Phys.",
     volume    = "118",
     year      = "1979",
     pages     = "341-372",
     SLACcitation  = "%%CITATION = APNYA,118,341;%%"
}

@Article{Astefanesei:2005ad,
     author    = "Astefanesei, Dumitru and Radu, Eugen",
     title     = "{Quasilocal formalism and black ring thermodynamics}",
     journal   = "Phys. Rev.",
     volume    = "D73",
     year      = "2006",
     pages     = "044014",
     eprint    = "hep-th/0509144",
     archivePrefix = "arXiv",
     doi       = "10.1103/PhysRevD.73.044014",
     SLACcitation  = "%%CITATION = HEP-TH/0509144;%%"
}

@Article{Emparan:2004wy,
     author    = "Emparan, Roberto",
     title     = "Rotating circular strings, and infinite non-uniqueness of
                  black rings",
     journal   = "JHEP",
     volume    = "03",
     year      = "2004",
     pages     = "064",
     eprint    = "hep-th/0402149",
     archivePrefix = "arXiv",
     SLACcitation  = "%%CITATION = HEP-TH/0402149;%%"
}

@Article{Gregory:1993vy,
     author    = "Gregory, R. and Laflamme, R.",
     title     = "{Black strings and p-branes are unstable}",
     journal   = "Phys. Rev. Lett.",
     volume    = "70",
     year      = "1993",
     pages     = "2837-2840",
     eprint    = "hep-th/9301052",
     archivePrefix = "arXiv",
     doi       = "10.1103/PhysRevLett.70.2837",
     SLACcitation  = "%%CITATION = HEP-TH/9301052;%%"
}

@Article{Gregory:1994bj,
     author    = "Gregory, Ruth and Laflamme, Raymond",
     title     = "{The instability of charged black strings and p-branes}",
     journal   = "Nucl. Phys.",
     volume    = "B428",
     year      = "1994",
     pages     = "399-434",
     eprint    = "hep-th/9404071",
     archivePrefix = "arXiv",
     doi       = "10.1016/0550-3213(94)90206-2",
     SLACcitation  = "%%CITATION = HEP-TH/9404071;%%"
}

@BOOK{Wald-GeneRela:84,
  author       = {Wald, Robert M.},
  title        = {General Relativity},
  year         = {1984},
  publisher    = {The University of Chicago Press},
  address      = {Chicago 60637},
}

@Article{Emparan:2007wm,
     author    = "Emparan, Roberto and Harmark, Troels and Niarchos, Vasilis
                  and Obers, Niels A. and Rodriguez, Maria J.",
     title     = "{The Phase Structure of Higher-Dimensional Black Rings and
                  Black Holes}",
     journal   = "JHEP",
     volume    = "10",
     year      = "2007",
     pages     = "110",
     eprint    = "0708.2181",
     archivePrefix = "arXiv",
     primaryClass  =  "hep-th",
     doi       = "10.1088/1126-6708/2007/10/110",
     SLACcitation  = "%%CITATION = 0708.2181;%%"
}

@Article{Emparan:2008eg,
     author    = "Emparan, Roberto and Reall, Harvey S.",
     title     = "{Black Holes in Higher Dimensions}",
     journal   = "Living Rev. Rel.",
     volume    = "11",
     year      = "2008",
     pages     = "6",
     eprint    = "0801.3471",
     archivePrefix = "arXiv",
     primaryClass  =  "hep-th",
     SLACcitation  = "%%CITATION = 0801.3471;%%"
}

@Article{Mei:2007bn,
     author    = "Mei, Jianwei and Pope, C. N.",
     title     = "{New Rotating Non-Extremal Black Holes in D=5 Maximal
                  Gauged Supergravity}",
     journal   = "Phys. Lett.",
     volume    = "B658",
     year      = "2007",
     pages     = "64-70",
     eprint    = "0709.0559",
     archivePrefix = "arXiv",
     primaryClass  =  "hep-th",
     doi       = "10.1016/j.physletb.2007.10.045",
     SLACcitation  = "%%CITATION = 0709.0559;%%"
}

@Article{Emparan:2009cs,
     author    = "Emparan, Roberto and Harmark, Troels and Niarchos, Vasilis
                  and Obers, Niels A.",
     title     = "{Blackfolds}",
     year      = "2009",
     eprint    = "0902.0427",
     archivePrefix = "arXiv",
     primaryClass  =  "hep-th",
     SLACcitation  = "%%CITATION = 0902.0427;%%"
}

@Article{Caldarelli:2008pz,
     author    = "Caldarelli, Marco M. and Emparan, Roberto and Rodriguez,
                  Maria J.",
     title     = "{Black Rings in (Anti)-deSitter space}",
     journal   = "JHEP",
     volume    = "11",
     year      = "2008",
     pages     = "011",
     eprint    = "0806.1954",
     archivePrefix = "arXiv",
     primaryClass  =  "hep-th",
     doi       = "10.1088/1126-6708/2008/11/011",
     SLACcitation  = "%%CITATION = 0806.1954;%%"
}


@Article{Niarchos:2008jc,
     author    = "Niarchos, Vasilis",
     title     = "{Phases of Higher Dimensional Black Holes}",
     journal   = "Mod. Phys. Lett.",
     volume    = "A23",
     year      = "2008",
     pages     = "2625-2643",
     eprint    = "0808.2776",
     archivePrefix = "arXiv",
     primaryClass  =  "hep-th",
     doi       = "10.1142/S0217732308028387",
     SLACcitation  = "%%CITATION = 0808.2776;%%"
}

@Article{Israel:1967za,
     author    = "Israel, Werner",
     title     = "{Event horizons in static electrovac space-times}",
     journal   = "Commun. Math. Phys.",
     volume    = "8",
     year      = "1968",
     pages     = "245-260",
     SLACcitation  = "%%CITATION = CMPHA,8,245;%%"
}

@Article{Hawking:1971vc,
     author    = "Hawking, Stephen William",
     title     = "{Black holes in general relativity}",
     journal   = "Commun. Math. Phys.",
     volume    = "25",
     year      = "1972",
     pages     = "152-166",
     doi       = "10.1007/BF01877517",
     SLACcitation  = "%%CITATION = CMPHA,25,152;%%"
}

@Article{Horowitz:1991cd,
     author    = "Horowitz, Gary T. and Strominger, Andrew",
     title     = "{Black strings and P-branes}",
     journal   = "Nucl. Phys.",
     volume    = "B360",
     year      = "1991",
     pages     = "197-209",
     doi       = "10.1016/0550-3213(91)90440-9",
     SLACcitation  = "%%CITATION = NUPHA,B360,197;%%"
}

@Article{Horowitz:2001cz,
     author    = "Horowitz, Gary T. and Maeda, Kengo",
     title     = "{Fate of the black string instability}",
     journal   = "Phys. Rev. Lett.",
     volume    = "87",
     year      = "2001",
     pages     = "131301",
     eprint    = "hep-th/0105111",
     archivePrefix = "arXiv",
     doi       = "10.1103/PhysRevLett.87.131301",
     SLACcitation  = "%%CITATION = HEP-TH/0105111;%%"
}

@BOOK{Hawking+Ellis-LargScalStruSpac:73,
  author       = {Hawking, Stephen William and Ellis, George Francis Rayner},
  title        = {The Large Scale Structure of Space-Time},
  year         = {1973},
  publisher    = {Cambridge University Press},
}

@Article{Copsey:2006br,
     author    = "Copsey, Keith and Horowitz, Gary T.",
     title     = "{Gravity dual of gauge theory on S**2 x S**1 x R}",
     journal   = "JHEP",
     volume    = "06",
     year      = "2006",
     pages     = "021",
     eprint    = "hep-th/0602003",
     archivePrefix = "arXiv",
     SLACcitation  = "%%CITATION = HEP-TH/0602003;%%"
}

@Article{Mann:2006yi,
     author    = "Mann, Robert B. and Radu, Eugen and Stelea, Cristian",
     title     = "{Black string solutions with negative cosmological
                  constant}",
     journal   = "JHEP",
     volume    = "09",
     year      = "2006",
     pages     = "073",
     eprint    = "hep-th/0604205",
     archivePrefix = "arXiv",
     SLACcitation  = "%%CITATION = HEP-TH/0604205;%%"
}

@Article{Bernamonti:2007bu,
     author    = "Bernamonti, Alice and others",
     title     = "{Black strings in AdS$_5$}",
     journal   = "JHEP",
     volume    = "01",
     year      = "2008",
     pages     = "061",
     eprint    = "0708.2402",
     archivePrefix = "arXiv",
     primaryClass  =  "hep-th",
     doi       = "10.1088/1126-6708/2008/01/061",
     SLACcitation  = "%%CITATION = 0708.2402;%%"
}

@Article{Brihaye:2007ju,
     author    = "Brihaye, Yves and Delsate, Terence and Radu, Eugen",
     title     = "{On the stability of AdS black strings}",
     journal   = "Phys. Lett.",
     volume    = "B662",
     year      = "2008",
     pages     = "264-269",
     eprint    = "0710.4034",
     archivePrefix = "arXiv",
     primaryClass  =  "hep-th",
     doi       = "10.1016/j.physletb.2008.03.008",
     SLACcitation  = "%%CITATION = 0710.4034;%%"
}

@Article{Kol:2004ww,
     author    = "Kol, Barak",
     title     = "{The Phase Transition between Caged Black Holes and Black
                  Strings - A Review}",
     journal   = "Phys. Rept.",
     volume    = "422",
     year      = "2006",
     pages     = "119-165",
     eprint    = "hep-th/0411240",
     archivePrefix = "arXiv",
     doi       = "10.1016/j.physrep.2005.10.001",
     SLACcitation  = "%%CITATION = HEP-TH/0411240;%%"
}

@Article{Choptuik:2003qd,
     author    = "Choptuik, Matthew W. and others",
     title     = "{Towards the final fate of an unstable black string}",
     journal   = "Phys. Rev.",
     volume    = "D68",
     year      = "2003",
     pages     = "044001",
     eprint    = "gr-qc/0304085",
     archivePrefix = "arXiv",
     doi       = "10.1103/PhysRevD.68.044001",
     SLACcitation  = "%%CITATION = GR-QC/0304085;%%"
}

@Article{Garfinkle:2004em,
     author    = "Garfinkle, David and Lehner, Luis and Pretorius, Frans",
     title     = "{A numerical examination of an evolving black string
                  horizon}",
     journal   = "Phys. Rev.",
     volume    = "D71",
     year      = "2005",
     pages     = "064009",
     eprint    = "gr-qc/0412014",
     archivePrefix = "arXiv",
     doi       = "10.1103/PhysRevD.71.064009",
     SLACcitation  = "%%CITATION = GR-QC/0412014;%%"
}

@Article{Gubser:2001ac,
     author    = "Gubser, Steven S.",
     title     = "{On non-uniform black branes}",
     journal   = "Class. Quant. Grav.",
     volume    = "19",
     year      = "2002",
     pages     = "4825-4844",
     eprint    = "hep-th/0110193",
     archivePrefix = "arXiv",
     doi       = "10.1088/0264-9381/19/19/303",
     SLACcitation  = "%%CITATION = HEP-TH/0110193;%%"
}

@Article{Wiseman:2002zc,
     author    = "Wiseman, Toby",
     title     = "{Static axisymmetric vacuum solutions and non-uniform black
                  strings}",
     journal   = "Class. Quant. Grav.",
     volume    = "20",
     year      = "2003",
     pages     = "1137-1176",
     eprint    = "hep-th/0209051",
     archivePrefix = "arXiv",
     doi       = "10.1088/0264-9381/20/6/308",
     SLACcitation  = "%%CITATION = HEP-TH/0209051;%%"
}

@article{Kaluza,
  author   = {Kaluza, Theodor},
  format   = {print},
  journal  = {Sitzungsber. Preuss. Akad. Wiss.},
  keywords = {Kaluza-Klein theory, Unified field theory},
  pages    = {966-972},
  refdb_id = {http://relativity.livingreviews.org/refdb/record/6837},
  title    = {Zum Unit\"atsproblem in der Physik},
  volume   = {K1},
  year     = {1921}
}

@Article{Klein:1926tv,
     author    = "Klein, Oskar",
     title     = "{Quantum theory and five-dimensional theory of
                  relativity}",
     journal   = "Z. Phys.",
     volume    = "37",
     issue     = "12",
     year      = "1926",
     pages     = "895-906",
     doi       = "10.1007/BF01397481",
     SLACcitation  = "%%CITATION = ZEPYA,37,895;%%"
}

@Article{Asnin:2007rw,
     author    = "Asnin, Vadim and others",
     title     = "{High and Low Dimensions in The Black Hole Negative Mode}",
     journal   = "Class. Quant. Grav.",
     volume    = "24",
     year      = "2007",
     pages     = "5527-5540",
     eprint    = "0706.1555",
     archivePrefix = "arXiv",
     primaryClass  =  "hep-th",
     doi       = "10.1088/0264-9381/24/22/015",
     SLACcitation  = "%%CITATION = 0706.1555;%%"
}

@Article{Myers:1986un,
     author    = "Myers, Robert C. and Perry, M. J.",
     title     = "{Black Holes in Higher Dimensional Space-Times}",
     journal   = "Ann. Phys.",
     volume    = "172",
     year      = "1986",
     pages     = "304",
     doi       = "10.1016/0003-4916(86)90186-7",
     SLACcitation  = "%%CITATION = APNYA,172,304;%%"
}

@UNPUBLISHED{EmparanEmail,
  author       = {Emparan, Roberto},
  note         = {\emph{private communication}},
}

@Article{Elvang:2007rd,
     author    = "Elvang, Henriette and Figueras, Pau",
     title     = "{Black Saturn}",
     journal   = "JHEP",
     volume    = "05",
     year      = "2007",
     pages     = "050",
     eprint    = "hep-th/0701035",
     archivePrefix = "arXiv",
     SLACcitation  = "%%CITATION = HEP-TH/0701035;%%"
}

@Article{Elvang:2007hg,
     author    = "Elvang, Henriette and Emparan, Roberto and Figueras, Pau",
     title     = "{Phases of Five-Dimensional Black Holes}",
     journal   = "JHEP",
     volume    = "05",
     year      = "2007",
     pages     = "056",
     eprint    = "hep-th/0702111",
     archivePrefix = "arXiv",
     SLACcitation  = "%%CITATION = HEP-TH/0702111;%%"
}

@Article{Evslin:2007fv,
     author    = "Evslin, Jarah and Krishnan, Chethan",
     title     = "{The Black Di-Ring: An Inverse Scattering Construction}",
     year      = "2007",
     eprint    = "0706.1231",
     archivePrefix = "arXiv",
     primaryClass  =  "hep-th",
     SLACcitation  = "%%CITATION = 0706.1231;%%"
}

@Article{Evslin:2008py,
     author    = "Evslin, Jarah and Krishnan, Chethan",
     title     = "{Metastable Black Saturns}",
     journal   = "JHEP",
     volume    = "09",
     year      = "2008",
     pages     = "003",
     eprint    = "0804.4575",
     archivePrefix = "arXiv",
     primaryClass  =  "hep-th",
     doi       = "10.1088/1126-6708/2008/09/003",
     SLACcitation  = "%%CITATION = 0804.4575;%%"
}

@Article{Iguchi:2007is,
     author    = "Iguchi, Hideo and Mishima, Takashi",
     title     = "{Black di-ring and infinite nonuniqueness}",
     journal   = "Phys. Rev.",
     volume    = "D75",
     year      = "2007",
     pages     = "064018",
     eprint    = "hep-th/0701043",
     archivePrefix = "arXiv",
     doi       = "10.1103/PhysRevD.75.064018",
     SLACcitation  = "%%CITATION = HEP-TH/0701043;%%"
}

@Article{Gauntlett:2004wh,
     author    = "Gauntlett, Jerome P. and Gutowski, Jan B.",
     title     = "{Concentric black rings}",
     journal   = "Phys. Rev.",
     volume    = "D71",
     year      = "2005",
     pages     = "025013",
     eprint    = "hep-th/0408010",
     archivePrefix = "arXiv",
     doi       = "10.1103/PhysRevD.71.025013",
     SLACcitation  = "%%CITATION = HEP-TH/0408010;%%"
}

@Article{Gauntlett:2004qy,
     author    = "Gauntlett, Jerome P. and Gutowski, Jan B.",
     title     = "{General concentric black rings}",
     journal   = "Phys. Rev.",
     volume    = "D71",
     year      = "2005",
     pages     = "045002",
     eprint    = "hep-th/0408122",
     archivePrefix = "arXiv",
     doi       = "10.1103/PhysRevD.71.045002",
     SLACcitation  = "%%CITATION = HEP-TH/0408122;%%"
}

@Article{Strominger:1981jg,
     author    = "Strominger, Andrew",
     title     = "{The Inverse Dimensional Expansion In Quantum Gravity}",
     journal   = "Phys. Rev.",
     volume    = "D24",
     year      = "1981",
     pages     = "3082",
     doi       = "10.1103/PhysRevD.24.3082",
     SLACcitation  = "%%CITATION = PHRVA,D24,3082;%%"
}

@Article{BjerrumBohr:2003zd,
     author    = "Bjerrum-Bohr, N. E. J.",
     title     = "{Quantum gravity at a large number of dimensions}",
     journal   = "Nucl. Phys.",
     volume    = "B684",
     year      = "2004",
     pages     = "209-234",
     eprint    = "hep-th/0310263",
     archivePrefix = "arXiv",
     doi       = "10.1016/j.nuclphysb.2004.02.012",
     SLACcitation  = "%%CITATION = HEP-TH/0310263;%%"
}

@Article{Hamber:2005vc,
     author    = "Hamber, Herbert W. and Williams, Ruth M.",
     title     = "{Quantum gravity in large dimensions}",
     journal   = "Phys. Rev.",
     volume    = "D73",
     year      = "2006",
     pages     = "044031",
     eprint    = "hep-th/0512003",
     archivePrefix = "arXiv",
     doi       = "10.1103/PhysRevD.73.044031",
     SLACcitation  = "%%CITATION = HEP-TH/0512003;%%"
}

@Article{Damour:2008ji,
     author    = "Damour, Thibault and Lilley, Marc",
     title     = "{String theory, gravity and experiment}",
     year      = "2008",
     eprint    = "0802.4169",
     archivePrefix = "arXiv",
     primaryClass  =  "hep-th",
     SLACcitation  = "%%CITATION = 0802.4169;%%"
}

@BOOK{Yih-FluiMech:77,
  author       = {Yih, Chia-Shun},
  title        = {Fluid Mechanics},
  year         = {1977},
  publisher    = {West River Press},
  address      = {Ann Arbor, Michigan},
}

@ARTICLE{Eckart-TherIrreProc:40,
  title = {The Thermodynamics of Irreversible Processes. III. Relativistic Theory of the Simple Fluid},
  author = {Eckart, Carl },
  journal = {Phys. Rev.},
  volume = {58},
  number = {10},
  pages = {919--924},
  numpages = {5},
  year = {1940},
  month = {Nov},
  doi = {10.1103/PhysRev.58.919},
  publisher = {American Physical Society}
}

@BOOK{Landau+Lifshitz-FluiMech:59,
  author       = {Landau, L. D.  and Lifshitz, E. M. },
  title        = {Fluid Mechanics},
  year         = {1959},
  publisher    = {Pergamon Press},
  address      = {London},
}
