@string{nup = "Nucl. Phys."}

@string{cmp = "Comm. Math. Phys."}

@string{rmp = "Rev. Mod. Phys."}

@string{ijmp = "Int. Jour. Mod. Phys."}

@string{jmp = "J. Math. Phys."}

@string{mpl = "Mod. Phys. Lett."}

@string{pl = "Phys. Lett."}

@string{pla = "Phys. Lett. A"}

@string{plb = "Phys. Lett. B"}

@string{prl = "Phys. Rev. Lett."}

@string{pr = "Phys. Rev."}

@string{pra = "Phys. Rev. A"}

@string{prb = "Phys. Rev. B"}

@string{prc = "Phys. Rev. C"}

@string{prd = "Phys. Rev. D"}

@string{pre = "Phys. Rev. E"}

@string{prx = "Phys. Rev. X"}

@string{pnas = "Proc. Natl. Acad. Sci. U.S.A."}

@string{procrsl = "Proc. Roy. Soc. London"}

@string{anips = "Adv. Neural Inf. Process. Syst."}
