@UNPUBLISHED{Demailly,
  author = {Demailly, Jean-Pierre},
  title = {Complex Analytic and Differential Geometry},
  note = {\href{http://www-fourier.ujf-grenoble.fr/~demailly/books.html}{http://www-fourier.ujf-grenoble.fr/$\sim$demailly/books.html}},
}

@BOOK{woodhouse,
  title = {Geometric Quantization},
  publisher = {Oxford},
  year = {1980},
  author = {Woodhouse, Nicholas},
}

@BOOK{Milnor,
  author       = {Milnor, J. W. },
  title        = {Lectures on the h-Cobordism Theorem},
  year         = 1965,
  publisher    = {Princeton University Press},
}

@Article{EcheverriaEnriquez:1999jr,
     author    = "Echeverria-Enriquez, Arturo and Munoz-Lecanda, Miguel C.
                  and Roman-Roy, Narcisco and Victoria-Monge, Carles",
     title     = "{Mathematical foundations of geometric quantization}",
     journal   = "Extracta Math.",
     volume    = "13",
     year      = "1998",
     pages     = "135-238",
     eprint    = "math-ph/9904008",
     archivePrefix = "arXiv",
     SLACcitation  = "%%CITATION = MATH-PH/9904008;%%"
}


@MISC{Weisstein-SurfRevo:99,
  author       = {Weisstein, Eric W.},
  title        = {Surface of Revolution},
  year         = {1999},
  howpublished = {From MathWorld--A Wolfram Web Resource. \href{http://mathworld.wolfram.com/SurfaceofRevolution.html}{http://mathworld.wolfram.com/SurfaceofRevolution.html} },
}

@BOOK{schetzen:1980,
  AUTHOR =       {Schetzen, Martin},
  TITLE =        {The Voltera and Wiener theories of nonlinear systems},
  PUBLISHER =    {Wiley-Interscience},
  YEAR =         {1980},
  address =      {New York, USA},
}

@BOOK{Wiener:1958,
  AUTHOR =       {Wiener, Norbert},
  TITLE =        {Nonlinear Problems in Random Theory},
  PUBLISHER =    {Wiley},
  YEAR =         {1958},
  address =      {New York, USA},
}

@ARTICLE{Roulston1999,
   author = {{Roulston}, M.~S.},
    title = "{Estimating the errors on measured entropy and mutual information}",
  journal = {Physica D Nonlinear Phenomena},
 keywords = {ENTROPY, MUTUAL INFORMATION},
     year = 1999,
    month = jan,
   volume = 125,
    pages = {285-294},
      doi = {10.1016/S0167-2789(98)00269-3},
   adsurl = {http://adsabs.harvard.edu/abs/1999PhyD..125..285R},
  adsnote = {Provided by the SAO/NASA Astrophysics Data System},
}

@article{Watanabe:1960,
 author = {Watanabe, Satosi},
 title = {Information theoretical analysis of multivariate correlation},
 journal = {IBM J. Res. Dev.},
 volume = {4},
 issue = {1},
 month = {January},
 year = {1960},
 issn = {0018-8646},
 pages = {66--82},
 numpages = {17},
 doi = {http://dx.doi.org/10.1147/rd.41.0066},
 acmid = {1661265},
 publisher = {IBM Corp.},
 address = {Riverton, NJ, USA},
}

@ARTICLE{Slonim:2005,
   author = {{Slonim}, N. and {Atwal}, G.~S. and {Tkacik}, G. and {Bialek}, W.
	},
    title = "{Estimating mutual information and multi--information in large networks}",
archivePrefix = "arXiv",
   eprint = {cs/0502017},
 keywords = {Computer Science - Information Theory, Computer Science - Artificial Intelligence, Computer Science - Computer Vision and Pattern Recognition, Computer Science - Learning},
     year = 2005,
    month = feb,
   adsurl = {http://adsabs.harvard.edu/abs/2005cs........2017S},
  adsnote = {Provided by the SAO/NASA Astrophysics Data System},
}

@ARTICLE{Lee1965,
  AUTHOR =       {Lee, Y. W. and Schetzen, M.},
  TITLE =        {Measurement of the Wiener Kernels of a Non-linear System by Cross-correlation},
  JOURNAL =      {International Journal of Control},
  YEAR =         {1965},
  volume =       {2},
  number =       {3},
  pages =        {237-254},
  abstract =     {A practical and relatively simple method of measuring the Wiener kernels of a non-linear system is presented. The method is based upon cross-correlation techniques and avoids orthogonal expansions such as those of the Wiener method of measurement. The application of this method to the experimental characterization of a non-linear system is discussed.},
  doi =          {10.1080/00207176508905543},
}

@BOOK{Cover:2006,
  AUTHOR =       {Cover, Thomas M. and Thomas, Joy A.},
  TITLE =        {Elements of information theory},
  PUBLISHER =    {John Wiley \& Sons},
  YEAR =         {2006},
  address =      {Hoboken, New Jersey, USA},
  edition =      {2nd},
}

@article{Cochran:1934,
  author = {Cochran,W. G.},
  title = {The distribution of quadratic forms in a normal system, with applications to the analysis of covariance},
  journal = {Mathematical Proceedings of the Cambridge Philosophical Society},
  volume = {30},
  number = {02},
  pages = {178-191},
  year = {1934},
  doi = {10.1017/S0305004100016595},
}

@article{hunter2006mixing,
  title={Mixing times with applications to perturbed Markov chains},
  author={Hunter, J.J.},
  journal={Linear algebra and its applications},
  volume={417},
  number={1},
  pages={108--123},
  year={2006},
  publisher={Elsevier},
  doi={10.1016/j.laa.2006.02.008},
}

@book{grinstead1997introduction,
  title={Introduction to probability},
  author={Grinstead, C.M. and Snell, J.L.},
  year={1997},
  publisher={Amer Mathematical Society},
  url={http://math.dartmouth.edu/\~prob/prob/prob.pdf},
}

@article{cho2000markov,
  title={Markov chain sensitivity measured by mean first passage times},
  author={Cho, G.E. and Meyer, C.D.},
  journal={Linear Algebra and its Applications},
  volume={316},
  number={1-3},
  pages={21--28},
  year={2000},
  publisher={Elsevier},
  doi={10.1016/S0024-3795(99)00263-3},
  url={http://meyer.math.ncsu.edu/Meyer/PS_Files/SensitivityByMFP.pdf},
}

@book{kemeny1960finite,
  title={Finite markov chains},
  author={Kemeny, J.G. and Snell, J.L.},
  year={1960},
  publisher={Springer}
}
