@BOOK{Itzykson+Zuber-QuanFielTheo:80,
  author       = {Itzykson, Claude and Zuber, Jean-Bernard},
  title        = {Quantum Field Theory},
  year         = 1980,
  publisher    = {McGraw-Hill},
}

@BOOK{Eden-AnalS-ma:66,
  author       = {Eden, Richard John and Landshoff, Peter V. and Olive, David Ian and Polkinghorne, John Charlton},
  title        = {The Analytic S-matrix},
  year         = 1966,
  publisher    = {Cambridge University Press},
}

@Article{Kinney:2005ej,
     author    = "Kinney, Justin and Maldacena, Juan Martin and Minwalla,
                  Shiraz and Raju, Suvrat",
     title     = "{An index for 4 dimensional super conformal theories}",
     journal   = "Commun. Math. Phys.",
     volume    = "275",
     year      = "2007",
     pages     = "209-254",
     eprint    = "hep-th/0510251",
     archivePrefix = "arXiv",
     doi       = "10.1007/s00220-007-0258-7",
     SLACcitation  = "%%CITATION = HEP-TH/0510251;%%"
}

@Article{Seiberg:1988ur,
     author    = "Seiberg, Nathan",
     title     = "{Supersymmetry and Nonperturbative beta Functions}",
     journal   = "Phys. Lett.",
     volume    = "B206",
     year      = "1988",
     pages     = "75",
     doi       = "10.1016/0370-2693(88)91265-8",
     SLACcitation  = "%%CITATION = PHLTA,B206,75;%%"
}

@Article{Montonen:1977sn,
     author    = "Montonen, C. and Olive, David I.",
     title     = "{Magnetic Monopoles as Gauge Particles?}",
     journal   = "Phys. Lett.",
     volume    = "B72",
     year      = "1977",
     pages     = "117",
     doi       = "10.1016/0370-2693(77)90076-4",
     SLACcitation  = "%%CITATION = PHLTA,B72,117;%%"
}

@Article{Goddard:1976qe,
     author    = "Goddard, P. and Nuyts, J. and Olive, David I.",
     title     = "{Gauge Theories and Magnetic Charge}",
     journal   = "Nucl. Phys.",
     volume    = "B125",
     year      = "1977",
     pages     = "1",
     doi       = "10.1016/0550-3213(77)90221-8",
     SLACcitation  = "%%CITATION = NUPHA,B125,1;%%"
}

@Article{Osborn:1979tq,
     author    = "Osborn, Hugh",
     title     = "{Topological Charges for N=4 Supersymmetric Gauge Theories
                  and Monopoles of Spin 1}",
     journal   = "Phys. Lett.",
     volume    = "B83",
     year      = "1979",
     pages     = "321",
     doi       = "10.1016/0370-2693(79)91118-3",
     SLACcitation  = "%%CITATION = PHLTA,B83,321;%%"
}

@Article{Sen:1994yi,
     author    = "Sen, Ashoke",
     title     = "{Dyon - monopole bound states, selfdual harmonic forms on
                  the multi - monopole moduli space, and SL(2,Z) invariance
                  in string theory}",
     journal   = "Phys. Lett.",
     volume    = "B329",
     year      = "1994",
     pages     = "217-221",
     eprint    = "hep-th/9402032",
     archivePrefix = "arXiv",
     doi       = "10.1016/0370-2693(94)90763-3",
     SLACcitation  = "%%CITATION = HEP-TH/9402032;%%"
}

@Article{Beisert:2005tm,
     author    = "Beisert, Niklas",
     title     = "{The su(2|2) dynamic S-matrix}",
     journal   = "Adv. Theor. Math. Phys.",
     volume    = "12",
     year      = "2008",
     pages     = "945",
     eprint    = "hep-th/0511082",
     archivePrefix = "arXiv",
     SLACcitation  = "%%CITATION = HEP-TH/0511082;%%"
}

@Article{Beisert:2003yb,
     author    = "Beisert, Niklas and Staudacher, Matthias",
     title     = "{The N=4 SYM Integrable Super Spin Chain}",
     journal   = "Nucl. Phys.",
     volume    = "B670",
     year      = "2003",
     pages     = "439-463",
     eprint    = "hep-th/0307042",
     archivePrefix = "arXiv",
     doi       = "10.1016/j.nuclphysb.2003.08.015",
     SLACcitation  = "%%CITATION = HEP-TH/0307042;%%"
}

@Article{Minahan:2002ve,
     author    = "Minahan, J. A. and Zarembo, K.",
     title     = "The Bethe-ansatz for N = 4 super Yang-Mills",
     journal   = "JHEP",
     volume    = "03",
     year      = "2003",
     pages     = "013",
     eprint    = "hep-th/0212208",
     archivePrefix = "arXiv",
     SLACcitation  = "%%CITATION = HEP-TH 0212208;%%"
}

@Article{Beisert:2004yq,
     author    = "Beisert, Niklas",
     title     = "{Higher-loop integrability in N = 4 gauge theory}",
     journal   = "Comptes Rendus Physique",
     volume    = "5",
     year      = "2004",
     pages     = "1039-1048",
     eprint    = "hep-th/0409147",
     archivePrefix = "arXiv",
     doi       = "10.1016/j.crhy.2004.09.011",
     SLACcitation  = "%%CITATION = HEP-TH/0409147;%%"
}

@Article{Staudacher:2004tk,
     author    = "Staudacher, Matthias",
     title     = "The factorized S-matrix of CFT/AdS",
     journal   = "JHEP",
     volume    = "05",
     year      = "2005",
     pages     = "054",
     eprint    = "hep-th/0412188",
     archivePrefix = "arXiv",
     SLACcitation  = "%%CITATION = HEP-TH 0412188;%%"
}

@Article{Dolan:2002zh,
     author    = "Dolan, F. A. and Osborn, H.",
     title     = "{On short and semi-short representations for four
                  dimensional superconformal symmetry}",
     journal   = "Ann. Phys.",
     volume    = "307",
     year      = "2003",
     pages     = "41-89",
     eprint    = "hep-th/0209056",
     archivePrefix = "arXiv",
     doi       = "10.1016/S0003-4916(03)00074-5",
     SLACcitation  = "%%CITATION = HEP-TH/0209056;%%"
}

@Article{Sohnius:1981sn,
     author    = "Sohnius, Martin F. and West, Peter C.",
     title     = "{Conformal Invariance in N=4 Supersymmetric Yang-Mills
                  Theory}",
     journal   = "Phys. Lett.",
     volume    = "B100",
     year      = "1981",
     pages     = "245",
     doi       = "10.1016/0370-2693(81)90326-9",
     SLACcitation  = "%%CITATION = PHLTA,B100,245;%%"
}

@Article{Howe:1983sr,
     author    = "Howe, Paul S. and Stelle, K. S. and Townsend, P. K.",
     title     = "{Miraculous Ultraviolet Cancellations in Supersymmetry Made
                  Manifest}",
     journal   = "Nucl. Phys.",
     volume    = "B236",
     year      = "1984",
     pages     = "125",
     doi       = "10.1016/0550-3213(84)90528-5",
     SLACcitation  = "%%CITATION = NUPHA,B236,125;%%"
}

@Article{Brink:1982pd,
     author    = "Brink, Lars and Lindgren, Olof and Nilsson, Bengt E. W.",
     title     = "{N=4 Yang-Mills Theory on the Light Cone}",
     journal   = "Nucl. Phys.",
     volume    = "B212",
     year      = "1983",
     pages     = "401",
     doi       = "10.1016/0550-3213(83)90678-8",
     SLACcitation  = "%%CITATION = NUPHA,B212,401;%%"
}

@Article{Brink:1982wv,
     author    = "Brink, Lars and Lindgren, Olof and Nilsson, Bengt E. W.",
     title     = "{The Ultraviolet Finiteness of the N=4 Yang-Mills Theory}",
     journal   = "Phys. Lett.",
     volume    = "B123",
     year      = "1983",
     pages     = "323",
     doi       = "10.1016/0370-2693(83)91210-8",
     SLACcitation  = "%%CITATION = PHLTA,B123,323;%%"
}

@Article{Beisert:2004ry,
     author    = "Beisert, Niklas",
     title     = "{The dilatation operator of N = 4 super Yang-Mills theory
                  and  integrability}",
     journal   = "Phys. Rept.",
     volume    = "405",
     year      = "2005",
     pages     = "1-202",
     eprint    = "hep-th/0407277",
     archivePrefix = "arXiv",
     doi       = "10.1016/j.physrep.2004.09.007",
     SLACcitation  = "%%CITATION = HEP-TH/0407277;%%"
}

@Article{Gliozzi:1976qd,
     author    = "Gliozzi, F. and Scherk, Joel and Olive, David I.",
     title     = "{Supersymmetry, Supergravity Theories and the Dual Spinor
                  Model}",
     journal   = "Nucl. Phys.",
     volume    = "B122",
     year      = "1977",
     pages     = "253-290",
     doi       = "10.1016/0550-3213(77)90206-1",
     SLACcitation  = "%%CITATION = NUPHA,B122,253;%%"
}

@Article{Brink:1976bc,
     author    = "Brink, Lars and Schwarz, John H. and Scherk, Joel",
     title     = "{Supersymmetric Yang-Mills Theories}",
     journal   = "Nucl. Phys.",
     volume    = "B121",
     year      = "1977",
     pages     = "77",
     doi       = "10.1016/0550-3213(77)90328-5",
     SLACcitation  = "%%CITATION = NUPHA,B121,77;%%"
}

@Article{Lykken:1996xt,
     author    = "Lykken, Joseph D.",
     title     = "Introduction to supersymmetry",
     year      = "1996",
     eprint    = "hep-th/9612114",
     archivePrefix = "arXiv",
     SLACcitation  = "%%CITATION = HEP-TH 9612114;%%"
}

@article{bremermann1958pdr,
  title={{Proof of Dispersion Relations in Quantized Field Theories}},
  author={Bremermann, HJ and Oehme, R. and Taylor, JG},
  journal={Physical Review},
  volume={109},
  number={6},
  pages={2178-2190},
  year={1958},
  publisher={APS}
}

@article{bogolyubov1958atd,
  title={{Aspects of the Theory of Dispersion Relations}},
  author={Bogolyubov, NN and Medvedev, BV and Polivanov, MK},
  journal={Fizmatgiz (1958)},
  pages={202}
}

@article{lehmann1959sma,
  title={{Scattering matrix and field operators}},
  author={Lehmann, H.},
  journal={Supp. del Nuovo Cimento},
  volume={14},
  number={1},
  pages={153--176},
  year={1959}
}

@Article{ArkaniHamed:1998rs,
     author    = "Arkani-Hamed, Nima and Dimopoulos, Savas and Dvali, G. R.",
     title     = "{The hierarchy problem and new dimensions at a
                  millimeter}",
     journal   = "Phys. Lett.",
     volume    = "B429",
     year      = "1998",
     pages     = "263-272",
     eprint    = "hep-ph/9803315",
     archivePrefix = "arXiv",
     doi       = "10.1016/S0370-2693(98)00466-3",
     SLACcitation  = "%%CITATION = HEP-PH/9803315;%%"
}

@Article{Randall:1999vf,
     author    = "Randall, Lisa and Sundrum, Raman",
     title     = "{An alternative to compactification}",
     journal   = "Phys. Rev. Lett.",
     volume    = "83",
     year      = "1999",
     pages     = "4690-4693",
     eprint    = "hep-th/9906064",
     archivePrefix = "arXiv",
     doi       = "10.1103/PhysRevLett.83.4690",
     SLACcitation  = "%%CITATION = HEP-TH/9906064;%%"
}

@Article{Randall:1999ee,
     author    = "Randall, Lisa and Sundrum, Raman",
     title     = "{A large mass hierarchy from a small extra dimension}",
     journal   = "Phys. Rev. Lett.",
     volume    = "83",
     year      = "1999",
     pages     = "3370-3373",
     eprint    = "hep-ph/9905221",
     archivePrefix = "arXiv",
     doi       = "10.1103/PhysRevLett.83.3370",
     SLACcitation  = "%%CITATION = HEP-PH/9905221;%%"
}
