@Article{Gaiotto:2004pc,
  author = {Gaiotto, Davide and Simons, Aaron and Strominger, Andrew
                      and Yin, Xi},
  title = {D0-branes in black hole attractors},
  year = {2004},
  eprint = {hep-th/0412179},
  slaccitation = {%%CITATION = HEP-TH 0412179;%%},
}

@Article{Gaiotto:2004ij,
  author = {Gaiotto, Davide and Strominger, Andrew and Yin, Xi},
  title = {Superconformal black hole quantum mechanics},
  journal = {JHEP},
  year = {2005},
  volume = {11},
  pages = {017},
  eprint = {hep-th/0412322},
  slaccitation = {%%CITATION = HEP-TH 0412322;%%},
}

@Article{Myers:1999ps,
  author = {Myers, Robert C.},
  title = {Dielectric-branes},
  journal = {JHEP},
  year = {1999},
  volume = {12},
  pages = {022},
  eprint = {hep-th/9910053},
  slaccitation = {%%CITATION = HEP-TH 9910053;%%},
}

@Article{Simons:2004nm,
     author    = "Simons, Aaron and Strominger, Andrew and Thompson, David
                  Mattoon and Yin, Xi",
     title     = "{Supersymmetric branes in AdS(2) x S**2 x CY(3)}",
     journal   = "Phys. Rev.",
     volume    = "D71",
     year      = "2005",
     pages     = "066008",
     eprint    = "hep-th/0406121",
     archivePrefix = "arXiv",
     doi       = "10.1103/PhysRevD.71.066008",
     SLACcitation  = "%%CITATION = HEP-TH/0406121;%%"
}

@BOOK{gsw2,
  author       = {Green, Michael B. and Schwarz, John H. and Witten, Edward},
  title        = {Superstring Theory},
  year         = 1987,
  publisher    = {Cambridge University Press},
  volume       = {2, {\em Loop amplitudes, anomalies and phenomenology}},
}
